<record><leader>00000cas a22000007a 4500</leader><controlfield tag="001">11264655</controlfield><controlfield tag="008">841015d18501878inuwr ne      0    0eng d</controlfield><datafield ind1=" " ind2=" " tag="010"><subfield code="a">sn 84038239 </subfield></datafield><datafield ind1=" " ind2=" " tag="040"><subfield code="a">NPX</subfield><subfield code="b">eng</subfield><subfield code="c">NPX</subfield><subfield code="d">NPU</subfield><subfield code="d">NPI</subfield><subfield code="d">OCLCQ</subfield></datafield><datafield ind1=" " ind2=" " tag="042"><subfield code="a">msc</subfield></datafield><datafield ind1="0" ind2=" " tag="130"><subfield code="a">Vincennes weekly western sun (Vincennes, Ind. : 1865)</subfield></datafield><datafield ind1="1" ind2="4" tag="245"><subfield code="a">The Vincennes weekly western sun.</subfield></datafield><datafield ind1=" " ind2=" " tag="260"><subfield code="a">Vincennes, Ind. :</subfield><subfield code="b">George E. Greene,</subfield><subfield code="c">1865-1878.</subfield></datafield><datafield ind1=" " ind2=" " tag="310"><subfield code="a">Weekly</subfield></datafield><datafield ind1="0" ind2=" " tag="362"><subfield code="a">New ser., v. 10, no. 1 (July 29, 1865) = Old ser., v. 51-v. 73, no. 38 (Apr. 6, 1878).</subfield></datafield><datafield ind1=" " ind2=" " tag="500"><subfield code="a">"Weekly" appears in small type above title ornament, May 20, 1871-Apr. 6, 1878.</subfield></datafield><datafield ind1=" " ind2=" " tag="515"><subfield code="a">New Ser. designation dropped with May 12, 1871 issue.</subfield></datafield><datafield ind1=" " ind2=" " tag="580"><subfield code="a">Semi-weekly ed.: Vincennes semi-weekly western sun.</subfield></datafield><datafield ind1=" " ind2=" " tag="752"><subfield code="a">United States</subfield><subfield code="b">Indiana</subfield><subfield code="c">Knox</subfield><subfield code="d">Vincennes.</subfield></datafield><datafield ind1="1" ind2=" " tag="775"><subfield code="t">Vincennes semi-weekly western sun</subfield><subfield code="w">(DLC)sn 84038240</subfield></datafield><datafield ind1="0" ind2="0" tag="780"><subfield code="t">Weekly Vincennes western sun</subfield><subfield code="w">(DLC)sn 84038238</subfield></datafield><datafield ind1="0" ind2="0" tag="785"><subfield code="t">Weekly western sun</subfield><subfield code="w">(DLC)sn 86059148</subfield></datafield></record>